@article{kononenko2001machine,
  title={Machine learning for medical diagnosis: history, state of the art and perspective},
  author={Kononenko, Igor},
  journal={Artificial Intelligence in medicine},
  volume={23},
  number={1},
  pages={89--109},
  year={2001},
  publisher={Elsevier}
}
@article{zhao2020assessing,
  title={Assessing safety-critical systems from operational testing: A study on autonomous vehicles},
  author={Zhao, Xingyu and Salako, Kizito and Strigini, Lorenzo and Robu, Valentin and Flynn, David},
  journal={Information and Software Technology},
  volume={128},
  pages={106393},
  year={2020},
  publisher={Elsevier}
}
@article{koopman2018toward,
  title={Toward a framework for highly automated vehicle safety validation},
  author={Koopman, Philip and Wagner, Michael},
  journal={SAE Technical Paper, Tech. Rep},
  year={2018}
}
@article{kuo2020towards,
  title={Towards explainability of machine learning models in insurance pricing},
  author={Kuo, Kevin and Lupton, Daniel},
  journal={arXiv preprint arXiv:2003.10674},
  year={2020}
}
@article{avci2021review,
  title={A review of vibration-based damage detection in civil structures: From traditional methods to Machine Learning and Deep Learning applications},
  author={Avci, Onur and Abdeljaber, Osama and Kiranyaz, Serkan and Hussein, Mohammed and Gabbouj, Moncef and Inman, Daniel J},
  journal={Mechanical systems and signal processing},
  volume={147},
  pages={107077},
  year={2021},
  publisher={Elsevier}
}
@misc{medium_ai_phones,
  author = {{\relax Medium}},
  title = {Artificial Intelligence in Mobile Phones},
  howpublished = {\url{https://medium.com/gobeyond-ai/artificial-intelligence-ai-in-mobile-phones-is-it-a-good-thing-fe044f20ea6c}},
  note = {Accessed: 2022-08-02}
}
@misc{tf_vacuum,
  author = {{\relax TensorFlow Blog}},
  title = {Ecovacs Robotics: the AI robotic vacuum cleaner powered by TensorFlow},
  howpublished = {\url{https://blog.tensorflow.org/2020/01/ecovacs-robotics-ai-robotic-vacuum.html}},
  note = {Accessed: 2022-08-02}
}
@article{alpha_fold,
  journal={Nature News},
  author = {Ewen Callaway},
  title = {The entire protein universe: AI predicts shape of nearly every known protein},
  howpublished = {\url{https://www.nature.com/articles/d41586-022-02083-2}},
  note = {Accessed: 2022-08-02},
  volume={608},
  pages={15-16},
  year={2022},
  publisher={Nature},
  doi={https://doi.org/10.1038/d41586-022-02083-2}
}
@article{kok2020trust,
  title={Trust in robots: Challenges and opportunities},
  author={Kok, Bing Cai and Soh, Harold},
  journal={Current Robotics Reports},
  volume={1},
  number={4},
  pages={297--309},
  year={2020},
  publisher={Springer}
}

@article{Chiou2021,
author = {Chiou, Erin K. and Lee, John D.},
doi = {10.1177/00187208211009995},
issn = {15478181},
journal = {Human Factors},
keywords = {adaptive automation,autonomy,humanâ€“automation interaction,intelligent agents,intersubjectivity,trust},
title = {{Trusting Automation: Designing for Responsivity and Resilience}},
year = {2021}
}

