@article{kononenko2001machine,
  title={Machine learning for medical diagnosis: history, state of the art and perspective},
  author={Kononenko, Igor},
  journal={Artificial Intelligence in medicine},
  volume={23},
  number={1},
  pages={89--109},
  year={2001},
  publisher={Elsevier}
}
@article{zhao2020assessing,
  title={Assessing safety-critical systems from operational testing: A study on autonomous vehicles},
  author={Zhao, Xingyu and Salako, Kizito and Strigini, Lorenzo and Robu, Valentin and Flynn, David},
  journal={Information and Software Technology},
  volume={128},
  pages={106393},
  year={2020},
  publisher={Elsevier}
}
@article{koopman2018toward,
  title={Toward a framework for highly automated vehicle safety validation},
  author={Koopman, Philip and Wagner, Michael},
  journal={SAE Technical Paper, Tech. Rep},
  year={2018}
}
@article{kuo2020towards,
  title={Towards explainability of machine learning models in insurance pricing},
  author={Kuo, Kevin and Lupton, Daniel},
  journal={arXiv preprint arXiv:2003.10674},
  year={2020}
}
@article{avci2021review,
  title={A review of vibration-based damage detection in civil structures: From traditional methods to Machine Learning and Deep Learning applications},
  author={Avci, Onur and Abdeljaber, Osama and Kiranyaz, Serkan and Hussein, Mohammed and Gabbouj, Moncef and Inman, Daniel J},
  journal={Mechanical systems and signal processing},
  volume={147},
  pages={107077},
  year={2021},
  publisher={Elsevier}
}
@misc{medium_ai_phones,
  author = {{\relax Medium}},
  title = {Artificial Intelligence in Mobile Phones},
  howpublished = {\url{https://medium.com/gobeyond-ai/artificial-intelligence-ai-in-mobile-phones-is-it-a-good-thing-fe044f20ea6c}},
  note = {Accessed: 2022-08-02}
}
@misc{tf_vacuum,
  author = {{\relax TensorFlow Blog}},
  title = {Ecovacs Robotics: the AI robotic vacuum cleaner powered by TensorFlow},
  howpublished = {\url{https://blog.tensorflow.org/2020/01/ecovacs-robotics-ai-robotic-vacuum.html}},
  note = {Accessed: 2022-08-02}
}
@article{alpha_fold,
  journal={Nature News},
  author = {Ewen Callaway},
  title = {The entire protein universe: AI predicts shape of nearly every known protein},
  howpublished = {\url{https://www.nature.com/articles/d41586-022-02083-2}},
  note = {Accessed: 2022-08-02},
  volume={608},
  pages={15-16},
  year={2022},
  publisher={Nature},
  doi={https://doi.org/10.1038/d41586-022-02083-2}
}
@article{kok2020trust,
  title={Trust in robots: Challenges and opportunities},
  author={Kok, Bing Cai and Soh, Harold},
  journal={Current Robotics Reports},
  volume={1},
  number={4},
  pages={297--309},
  year={2020},
  publisher={Springer}
}


@article{Abeywickrama2022,
archivePrefix = {arXiv},
arxivId = {2206.11421},
author = {Abeywickrama, Dhaminda B. and Bennaceur, Amel and Chance, Greg and Demiris, Yiannis and Kordoni, Anastasia and Levine, Mark and Moffat, Luke and Moreau, Luc and Mousavi, Mohammad Reza and Nuseibeh, Bashar and Ramamoorthy, Subramanian and Ringert, Jan Oliver and Wilson, James and Windsor, Shane and Eder, Kerstin},
eprint = {2206.11421},
title = {{On Specifying for Trustworthiness}},
url = {http://arxiv.org/abs/2206.11421},
year = {2022}
}

@article{Floridi2019,
author = {Floridi, Luciano},
doi = {10.1038/s42256-019-0055-y},
isbn = {4225601900},
issn = {25225839},
journal = {Nature Machine Intelligence},
number = {6},
pages = {261--262},
publisher = {Springer US},
title = {{Establishing the rules for building trustworthy AI}},
url = {http://dx.doi.org/10.1038/s42256-019-0055-y},
volume = {1},
year = {2019}
}

@article{Lee2004,
author = {Lee, John D. and See, Katrina A.},
doi = {10.1518/hfes.46.1.50_30392},
issn = {00187208},
journal = {Human Factors},
mendeley-groups = {Trustworthiness},
number = {1},
pages = {50--80},
pmid = {15151155},
title = {{Trust in automation: Designing for appropriate reliance}},
volume = {46},
year = {2004}
}

@article{Wing2021,
author = {Wing, Jeannette M.},
doi = {10.1145/3448248},
issn = {15577317},
journal = {Communications of the ACM},
mendeley-groups = {Weibull_probabilistic,Trustworthiness},
number = {10},
pages = {64--71},
title = {{Trustworthy AI}},
volume = {64},
year = {2021}
}

@article{kok2020trust,
  title={Trust in robots: Challenges and opportunities},
  author={Kok, Bing Cai and Soh, Harold},
  journal={Current Robotics Reports},
  volume={1},
  number={4},
  pages={297--309},
  year={2020},
  publisher={Springer}
}

@article{Chiou2021,
author = {Chiou, Erin K. and Lee, John D.},
doi = {10.1177/00187208211009995},
issn = {15478181},
journal = {Human Factors},
keywords = {adaptive automation,autonomy,human–automation interaction,intelligent agents,intersubjectivity,trust},
title = {{Trusting Automation: Designing for Responsivity and Resilience}},
year = {2021}
}

@misc{ISO24765,
author = {\relax{International Organization for Standardization}},
howpublished = {Online},
title = {{ISO/IEC/IEEE 24765:2017 Systems and software engineering — Vocabulary}},
url = {https://www.iso.org/standard/71952.html},
year = {2017}
}

@article{Winfield2008,
author = {Winfield, Alan F.T. and Liu, Wenguo and Nembrini, Julien and Martinoli, Alcherio},
doi = {10.1007/s11721-008-0018-0},
issn = {19353812},
journal = {Swarm Intelligence},
number = {2-4},
pages = {241--266},
title = {{Modelling a wireless connected swarm of mobile robots}},
volume = {2},
year = {2008}
}

@article{Butler1993,
author = {Butler, Ricky W. and Finelli, George B.},
doi = {10.1109/32.210303},
issn = {00985589},
journal = {IEEE Transactions on Software Engineering},
keywords = {Design error,life-critical,software fault toler,software reliability,ultrareliability,validation},
number = {1},
pages = {3--12},
title = {{The Infeasibility of Quantifying the Reliability of Life-Critical Real-Time Software}},
volume = {19},
year = {1993}
}

@inproceedings{chance2020agency,
  title={An agency-directed approach to test generation for simulation-based autonomous vehicle verification},
  author={Chance, Greg and Ghobrial, Abanoub and Lemaignan, Severin and Pipe, Tony and Eder, Kerstin},
  booktitle={2020 IEEE International Conference On Artificial Intelligence Testing (AITest)},
  pages={31--38},
  year={2020},
  organization={IEEE}
}

@article{harper2021safety,
  title={Safety Validation of Autonomous Vehicles using Assertion-based Oracles},
  author={Harper, Christopher and Chance, Greg and Ghobrial, Abanoub and Alam, Saquib and Pipe, Tony and Eder, Kerstin},
  journal={arXiv preprint arXiv:2111.04611},
  year={2021}
}

@article{MarkUtting2012,
journal = {Software Testing, Verification and Reliability},
number = {5},
pages = {297--312},
title = {{A taxonomy ofmodel-based testing approaches}},
volume = {Volume 22},
year = {2012}
}

@article{Leucker2009,
author = {Leucker, Martin and Schallhart, Christian},
doi = {10.1016/j.jlap.2008.08.004},
issn = {15678326},
journal = {Journal of Logic and Algebraic Programming},
keywords = {Assertion checking,Monitoring,Testing,Verification},
number = {5},
pages = {293--303},
publisher = {Elsevier Inc.},
title = {{A brief account of runtime verification}},
url = {http://dx.doi.org/10.1016/j.jlap.2008.08.004},
volume = {78},
year = {2009}
}
